
@unpublished{ceppi,
	title={ Model-based Design of a Line-tracking Algorithm for a Low-cost Mini Drone through Vision-based Control},
	author={Paolo Ceppi},
	year = {2020},
	note={University of Chicago},
	link={https://webthesis.biblio.polito.it/16018/}
}

@unpublished{boudjit,
	title={Detection and implementation autonomous target tracking with a Quadrotor AR.Drone},
	author={Boudjit, K and Larbes, C},
	year = {2015}
	note={IEEE},
	link={https://ieeexplore.ieee.org/abstract/document/7347773}
}

@unpublished{prayitno,
	title={Trajectory Tracking of AR.Drone Quadrotor Using Fuzzy Logic Controller},
	author={Agung Prayitno and Veronica Indrawati and Gabriel Utomo},
	year={2014},
	note={University of Surabaya},
	link={https://core.ac.uk/download/pdf/192987309.pdf}
}
@unpublished{arduino,
	title={How To Make Arduino Line Follower Robot?},
	author={Anusha},
	year={2017},
	note={Electronics Hub},
	link={https://www.electronicshub.org/arduino-line-follower-robot/}
}


@book{wise,
	title={Robust and Adaptive Control: With Aerospace Applications (Advanced Textbooks in Control and Signal Processing)},
	author={Kevin Wise and Eugene Lavretsky},
	year = {2013},
	publisher={Springer}
}